@article{steuer1992defining,
  title={Defining virtual reality: Dimensions determining telepresence},
  author={Steuer, Jonathan},
  journal={Journal of communication},
  volume={42},
  number={4},
  pages={73--93},
  year={1992},
  publisher={Wiley Online Library}
}

@inproceedings{higuchi2015immerseboard,
  title={ImmerseBoard: Immersive telepresence experience using a digital whiteboard},
  author={Higuchi, Keita and Chen, Yinpeng and Chou, Philip A and Zhang, Zhengyou and Liu, Zicheng},
  booktitle={Proceedings of the 33rd Annual ACM Conference on Human Factors in Computing Systems},
  pages={2383--2392},
  year={2015},
  organization={ACM}
}

@inproceedings{marlow2016beyond,
  title={Beyond talking heads: multimedia artifact creation, use, and sharing in distributed meetings},
  author={Marlow, Jennifer and Carter, Scott and Good, Nathaniel and Chen, Jung-Wei},
  booktitle={Proceedings of the 19th ACM Conference on Computer-Supported Cooperative Work \& Social Computing},
  pages={1703--1715},
  year={2016},
  organization={ACM}
}

@inproceedings{marlow2016taking,
  title={Taking Notes or Playing Games?: Understanding Multitasking in Video Communication},
  author={Marlow, Jennifer and Van Everdingen, Eveline and Avrahami, Daniel},
  booktitle={Proceedings of the 19th ACM Conference on Computer-Supported Cooperative Work \& Social Computing},
  pages={1726--1737},
  year={2016},
  organization={ACM}
}

@inproceedings{donovan2014understanding,
  title={Understanding How Network Performance Affects User Experience of Remote Guidance},
  author={Donovan, Angus and Alem, Leila and Huang, Weidong and Liu, Ren and Hedley, Mark},
  booktitle={CYTED-RITOS International Workshop on Groupware},
  pages={1--12},
  year={2014},
  organization={Springer}
}

@inproceedings{avellino2015accuracy,
  title={Accuracy of deictic gestures to support telepresence on wall-sized displays},
  author={Avellino, Ignacio and Fleury, C{\'e}dric and Beaudouin-Lafon, Michel},
  booktitle={Proceedings of the 33rd Annual ACM Conference on Human Factors in Computing Systems},
  pages={2393--2396},
  year={2015},
  organization={ACM}
}

@inproceedings{nakanishi2014remote,
  title={Remote handshaking: touch enhances video-mediated social telepresence},
  author={Nakanishi, Hideyuki and Tanaka, Kazuaki and Wada, Yuya},
  booktitle={Proceedings of the SIGCHI Conference on Human Factors in Computing Systems},
  pages={2143--2152},
  year={2014},
  organization={ACM}
}

@inproceedings{misawa2015chameleonmask,
  title={ChameleonMask: Embodied physical and social telepresence using human surrogates},
  author={Misawa, Kana and Rekimoto, Jun},
  booktitle={Proceedings of the 33rd Annual ACM Conference Extended Abstracts on Human Factors in Computing Systems},
  pages={401--411},
  year={2015},
  organization={ACM}
}

@misc{jouppi2001robotic,
  title={Robotic telepresence system},
  author={Jouppi, Norman P and Scales, Daniel J and Mack, Wayne Roy},
  year={2001},
  month=sep # "~18",
  publisher={Google Patents},
  note={US Patent 6,292,713}
}

@inproceedings{neustaedter2016beam,
  title={To Beam or not to Beam: A study of remote telepresence attendance at an academic conference},
  author={Neustaedter, Carman and Venolia, Gina and Procyk, Jason and Hawkins, Daniel},
  booktitle={Proceedings of the 19th ACM Conference on Computer-Supported Cooperative Work \& Social Computing},
  pages={418--431},
  year={2016},
  organization={ACM}
}

@article{itu2003recommendation,
  title={Recommendation G. 107 The E-model, a computational model for use in transmission planning},
  author={ITU, T},
  year={2003}
}

@misc{recommendation2003114,
  title={114-One-way transmission time ITU},
  author={Recommendation, G},
  year={2003},
  publisher={May}
}

@inproceedings{geerts2011we,
  title={Are we in sync?: synchronization requirements for watching online video together.},
  author={Geerts, David and Vaishnavi, Ishan and Mekuria, Rufael and Van Deventer, Oskar and Cesar, Pablo},
  booktitle={Proceedings of the SIGCHI Conference on Human Factors in Computing Systems},
  pages={311--314},
  year={2011},
  organization={ACM}
}

@inproceedings{boustila2015evaluation,
  title={Evaluation of factors affecting distance perception in architectural project review in immersive virtual environments},
  author={Boustila, Sabah and Capobianco, Antonio and Bechmann, Dominique},
  booktitle={Proceedings of the 21st ACM Symposium on Virtual Reality Software and Technology},
  pages={207--216},
  year={2015},
  organization={ACM}
}

@inproceedings{tam2012video,
  title={Video increases the perception of naturalness during remote interactions with latency},
  author={Tam, Jennifer and Carter, Elizbeth and Kiesler, Sara and Hodgins, Jessica},
  booktitle={CHI'12 Extended Abstracts on Human Factors in Computing Systems},
  pages={2045--2050},
  year={2012},
  organization={ACM}
}

@inproceedings{schmitt2014influence,
  title={The influence of interactivity patterns on the Quality of Experience in multi-party video-mediated conversations under symmetric delay conditions},
  author={Schmitt, Marwin and Gunkel, Simon and Cesar, Pablo and Bulterman, Dick},
  booktitle={Proceedings of the 3rd International Workshop on Socially-aware Multimedia},
  pages={13--16},
  year={2014},
  organization={ACM}
}

@inproceedings{alexandrova2010egocentric,
  title={Egocentric distance judgments in a large screen display immersive virtual environment},
  author={Alexandrova, Ivelina V and Teneva, Paolina T and De La Rosa, Stephan and Kloos, Uwe and B{\"u}lthoff, Heinrich H and Mohler, Betty J},
  booktitle={Proceedings of the 7th Symposium on Applied Perception in Graphics and Visualization},
  pages={57--60},
  year={2010},
  organization={ACM}
}

@inproceedings{kurillo2008immersive,
  title={Immersive 3d environment for remote collaboration and training of physical activities},
  author={Kurillo, Gregorij and Bajcsy, Ruzena and Nahrsted, Klara and Kreylos, Oliver},
  booktitle={Virtual Reality Conference, 2008. VR'08. IEEE},
  pages={269--270},
  year={2008},
  organization={IEEE}
}

@article{petit2010multicamera,
  title={Multicamera real-time 3d modeling for telepresence and remote collaboration},
  author={Petit, Benjamin and Lesage, Jean-Denis and Menier, Cl{\'e}ment and Allard, J{\'e}r{\'e}mie and Franco, Jean-S{\'e}bastien and Raffin, Bruno and Boyer, Edmond and Faure, Fran{\c{c}}ois},
  journal={International journal of digital multimedia broadcasting},
  volume={2010},
  year={2010},
  publisher={Hindawi}
}

@inproceedings{maimone2011encumbrance,
  title={Encumbrance-free telepresence system with real-time 3D capture and display using commodity depth cameras},
  author={Maimone, Andrew and Fuchs, Henry},
  booktitle={Mixed and augmented reality (ISMAR), 2011 10th IEEE international symposium on},
  pages={137--146},
  year={2011},
  organization={IEEE}
}

@inproceedings{maimone2012real,
  title={Real-time volumetric 3D capture of room-sized scenes for telepresence},
  author={Maimone, Andrew and Fuchs, Henry},
  booktitle={3DTV-Conference: The True Vision-Capture, Transmission and Display of 3D Video (3DTV-CON), 2012},
  pages={1--4},
  year={2012},
  organization={IEEE}
}

@inproceedings{orts2016holoportation,
  title={Holoportation: Virtual 3d teleportation in real-time},
  author={Orts-Escolano, Sergio and Rhemann, Christoph and Fanello, Sean and Chang, Wayne and Kowdle, Adarsh and Degtyarev, Yury and Kim, David and Davidson, Philip L and Khamis, Sameh and Dou, Mingsong and others},
  booktitle={Proceedings of the 29th Annual Symposium on User Interface Software and Technology},
  pages={741--754},
  year={2016},
  organization={ACM}
}

@inproceedings{wu2009quality,
  title={Quality of experience in distributed interactive multimedia environments: toward a theoretical framework},
  author={Wu, Wanmin and Arefin, Ahsan and Rivas, Raoul and Nahrstedt, Klara and Sheppard, Renata and Yang, Zhenyu},
  booktitle={Proceedings of the 17th ACM international conference on Multimedia},
  pages={481--490},
  year={2009},
  organization={ACM}
}

@inproceedings{pallot2013augmented,
  title={Augmented sport: exploring collective user experience},
  author={Pallot, Marc and Eynard, Remy and Poussard, Benjamin and Christmann, Olivier and Richir, Simon},
  booktitle={Proceedings of the Virtual Reality International Conference: Laval Virtual},
  pages={4},
  year={2013},
  organization={ACM}
}

@inproceedings{schulte2014stevens,
  title={Stevens' Power Law in 3D tele-immersion: towards subjective modeling of multimodal cyber interaction},
  author={Schulte, Sabrina and Chen, Shannon and Nahrstedt, Klara},
  booktitle={Proceedings of the 22nd ACM international conference on Multimedia},
  pages={1133--1136},
  year={2014},
  organization={ACM}
}

@article{brunnstrom2013qualinet,
  title={Qualinet white paper on definitions of quality of experience},
  author={Brunnstr{\"o}m, Kjell and Beker, Sergio Ariel and De Moor, Katrien and Dooms, Ann and Egger, Sebastian and Garcia, Marie-Neige and Hossfeld, Tobias and Jumisko-Pyykk{\"o}, Satu and Keimel, Christian and Larabi, Mohamed-Chaker and others},
  year={2013}
}

@inproceedings{schmitt2014asymmetric,
  title={Asymmetric delay in video-mediated group discussions},
  author={Schmitt, Marwin and Gunkel, Simon and Cesar, Pablo and Bulterman, Dick},
  booktitle={Quality of Multimedia Experience (QoMEX), 2014 Sixth International Workshop on},
  pages={19--24},
  year={2014},
  organization={IEEE}
}

@inproceedings{schmitt2013qoe,
  title={A QoE testbed for socially-aware video-mediated group communication},
  author={Schmitt, Marwin and Gunkel, Simon and Cesar, Pablo and Hughes, Peter},
  booktitle={Proceedings of the 2nd international workshop on Socially-aware multimedia},
  pages={37--42},
  year={2013},
  organization={ACM}
}

@article{dou2016fusion4d,
  title={Fusion4d: Real-time performance capture of challenging scenes},
  author={Dou, Mingsong and Khamis, Sameh and Degtyarev, Yury and Davidson, Philip and Fanello, Sean Ryan and Kowdle, Adarsh and Escolano, Sergio Orts and Rhemann, Christoph and Kim, David and Taylor, Jonathan and others},
  journal={ACM Transactions on Graphics (TOG)},
  volume={35},
  number={4},
  pages={114},
  year={2016},
  publisher={ACM}
}

@article{fuchs2014immersive,
  title={Immersive 3d telepresence},
  author={Fuchs, Henry and State, Andrei and Bazin, Jean-Charles},
  journal={Computer},
  volume={47},
  number={7},
  pages={46--52},
  year={2014},
  publisher={IEEE}
}

@inproceedings{curless1996volumetric,
  title={A volumetric method for building complex models from range images},
  author={Curless, Brian and Levoy, Marc},
  booktitle={Proceedings of the 23rd annual conference on Computer graphics and interactive techniques},
  pages={303--312},
  year={1996},
  organization={ACM}
}

@inproceedings{lorensen1987marching,
  title={Marching cubes: A high resolution 3D surface construction algorithm},
  author={Lorensen, William E and Cline, Harvey E},
  booktitle={ACM siggraph computer graphics},
  volume={21},
  number={4},
  pages={163--169},
  year={1987},
  organization={ACM}
}

@inproceedings{pece2011adapting,
  title={Adapting standard video codecs for depth streaming},
  author={Pece, Fabrizio and Kautz, Jan and Weyrich, Tim},
  booktitle={Proceedings of the 17th Eurographics conference on Virtual Environments \& Third Joint Virtual Reality},
  pages={59--66},
  year={2011},
  organization={Eurographics Association}
}

@article{beck2013immersive,
  title={Immersive group-to-group telepresence},
  author={Beck, Stephan and Kunert, Andre and Kulik, Alexander and Froehlich, Bernd},
  journal={IEEE Transactions on Visualization and Computer Graphics},
  volume={19},
  number={4},
  pages={616--625},
  year={2013},
  publisher={IEEE}
}

@inproceedings{fuchs1994virtual,
  title={Virtual space teleconferencing using a sea of cameras},
  author={Fuchs, Henry and Bishop, Gary and Arthur, Kevin and McMillan, Leonard and Bajcsy, Ruzena and Lee, Sang and Farid, Hany and Kanade, Takeo},
  booktitle={Proc. First International Conference on Medical Robotics and Computer Assisted Surgery},
  volume={26},
  year={1994}
}

@article{kanade1997virtualized,
  title={Virtualized reality: Constructing virtual worlds from real scenes},
  author={Kanade, Takeo and Rander, Peter and Narayanan, PJ},
  journal={IEEE multimedia},
  volume={4},
  number={1},
  pages={34--47},
  year={1997},
  publisher={IEEE}
}

@article{gibbs1999teleport,
  title={TELEPORT--Towards immersive copresence},
  author={Gibbs, Simon J and Arapis, Constantin and Breiteneder, Christian J},
  journal={Multimedia Systems},
  volume={7},
  number={3},
  pages={214--221},
  year={1999},
  publisher={Springer}
}

@inproceedings{towles20023d,
  title={3d tele-collaboration over internet2},
  author={Towles, Herman and Chen, Wei-Chao and Yang, Ruigang and Kum, Sang-Uok and Kelshikar, Henry Fuchs Nikhil and Mulligan, Jane and Daniilidis, Kostas and Fuchs, Henry and Hill, Carolina Chapel and Mulligan, Nikhil Kelshikar Jane and others},
  booktitle={In: International Workshop on Immersive Telepresence, Juan Les Pins},
  year={2002},
  organization={Citeseer}
}

@inproceedings{gross2003blue,
  title={blue-c: a spatially immersive display and 3D video portal for telepresence},
  author={Gross, Markus and W{\"u}rmlin, Stephan and Naef, Martin and Lamboray, Edouard and Spagno, Christian and Kunz, Andreas and Koller-Meier, Esther and Svoboda, Tomas and Van Gool, Luc and Lang, Silke and others},
  booktitle={ACM Transactions on Graphics (TOG)},
  volume={22},
  number={3},
  pages={819--827},
  year={2003},
  organization={ACM}
}

@inproceedings{loop2013real,
  title={Real-time high-resolution sparse voxelization with application to image-based modeling},
  author={Loop, Charles and Zhang, Cha and Zhang, Zhengyou},
  booktitle={Proceedings of the 5th High-Performance Graphics Conference},
  pages={73--79},
  year={2013},
  organization={ACM}
}

@inproceedings{izadi2011kinectfusion,
  title={KinectFusion: real-time 3D reconstruction and interaction using a moving depth camera},
  author={Izadi, Shahram and Kim, David and Hilliges, Otmar and Molyneaux, David and Newcombe, Richard and Kohli, Pushmeet and Shotton, Jamie and Hodges, Steve and Freeman, Dustin and Davison, Andrew and others},
  booktitle={Proceedings of the 24th annual ACM symposium on User interface software and technology},
  pages={559--568},
  year={2011},
  organization={ACM}
}

@article{niessner2013real,
  title={Real-time 3D reconstruction at scale using voxel hashing},
  author={Nie{\ss}ner, Matthias and Zollh{\"o}fer, Michael and Izadi, Shahram and Stamminger, Marc},
  journal={ACM Transactions on Graphics (ToG)},
  volume={32},
  number={6},
  pages={169},
  year={2013},
  publisher={ACM}
}

@article{chen2013scalable,
  title={Scalable real-time volumetric surface reconstruction},
  author={Chen, Jiawen and Bautembach, Dennis and Izadi, Shahram},
  journal={ACM Transactions on Graphics (ToG)},
  volume={32},
  number={4},
  pages={113},
  year={2013},
  publisher={ACM}
}

@article{khoshelham2012accuracy,
  title={Accuracy and resolution of kinect depth data for indoor mapping applications},
  author={Khoshelham, Kourosh and Elberink, Sander Oude},
  journal={Sensors},
  volume={12},
  number={2},
  pages={1437--1454},
  year={2012},
  publisher={Molecular Diversity Preservation International}
}

@inproceedings{nguyen2012modeling,
  title={Modeling kinect sensor noise for improved 3d reconstruction and tracking},
  author={Nguyen, Chuong V and Izadi, Shahram and Lovell, David},
  booktitle={3D Imaging, Modeling, Processing, Visualization and Transmission (3DIMPVT), 2012 Second International Conference on},
  pages={524--530},
  year={2012},
  organization={IEEE}
}

@inproceedings{newcombe2015dynamicfusion,
  title={Dynamicfusion: Reconstruction and tracking of non-rigid scenes in real-time},
  author={Newcombe, Richard A and Fox, Dieter and Seitz, Steven M},
  booktitle={Proceedings of the IEEE conference on computer vision and pattern recognition},
  pages={343--352},
  year={2015}
}

@inproceedings{gotsch2018telehuman2,
  title={TeleHuman2: A Cylindrical Light Field Teleconferencing System for Life-size 3D Human Telepresence},
  author={Gotsch, Daniel and Zhang, Xujing and Merritt, Timothy and Vertegaal, Roel},
  booktitle={Proceedings of the 2018 CHI Conference on Human Factors in Computing Systems},
  pages={522},
  year={2018},
  organization={ACM}
}

@inproceedings{kim2012telehuman,
  title={TeleHuman: effects of 3d perspective on gaze and pose estimation with a life-size cylindrical telepresence pod},
  author={Kim, Kibum and Bolton, John and Girouard, Audrey and Cooperstock, Jeremy and Vertegaal, Roel},
  booktitle={Proceedings of the SIGCHI Conference on Human Factors in Computing Systems},
  pages={2531--2540},
  year={2012},
  organization={ACM}
}

@article{jones2007rendering,
  title={Rendering for an interactive 360 light field display},
  author={Jones, Andrew and McDowall, Ian and Yamada, Hideshi and Bolas, Mark and Debevec, Paul},
  journal={ACM Transactions on Graphics (TOG)},
  volume={26},
  number={3},
  pages={40},
  year={2007},
  publisher={ACM}
}

@inproceedings{jurik2011prototyping,
  title={Prototyping a light field display involving direct observation of a video projector array},
  author={Jurik, Joel and Jones, Andrew and Bolas, Mark and Debevec, Paul},
  booktitle={Computer Vision and Pattern Recognition Workshops (CVPRW), 2011 IEEE Computer Society Conference on},
  pages={15--20},
  year={2011},
  organization={IEEE}
}

@inproceedings{cruz1993surround,
  title={Surround-screen projection-based virtual reality: the design and implementation of the CAVE},
  author={Cruz-Neira, Carolina and Sandin, Daniel J and DeFanti, Thomas A},
  booktitle={Proceedings of the 20th annual conference on Computer graphics and interactive techniques},
  pages={135--142},
  year={1993},
  organization={ACM}
}

@inproceedings{guan2018two,
  title={Two Kinds of Novel Multi-user Immersive Display Systems},
  author={Guan, Dongdong and Yang, Chenglei and Sun, Weisi and Wei, Yuan and Gai, Wei and Bian, Yulong and Liu, Juan and Sun, Qianhui and Zhao, Siwei and Meng, Xiangxu},
  booktitle={Proceedings of the 2018 CHI Conference on Human Factors in Computing Systems},
  pages={599},
  year={2018},
  organization={ACM}
}

@inproceedings{benko2012miragetable,
  title={MirageTable: freehand interaction on a projected augmented reality tabletop},
  author={Benko, Hrvoje and Jota, Ricardo and Wilson, Andrew},
  booktitle={Proceedings of the SIGCHI conference on human factors in computing systems},
  pages={199--208},
  year={2012},
  organization={ACM}
}

@article{frohlich2005implementing,
  title={Implementing multi-viewer stereo displays},
  author={Fr{\"o}hlich, Bernd and Hochstrate, Jan and Hoffmann, J{\"o}rg and Kl{\"u}ger, Karsten and Blach, Roland and Bues, Matthias and Stefani, Oliver},
  year={2005},
  publisher={UNION Agency}
}

@inproceedings{kulik2011c1x6,
  title={C1x6: a stereoscopic six-user display for co-located collaboration in shared virtual environments},
  author={Kulik, Alexander and Kunert, Andr{\'e} and Beck, Stephan and Reichel, Roman and Blach, Roland and Zink, Armin and Froehlich, Bernd},
  booktitle={ACM Transactions on Graphics (TOG)},
  volume={30},
  number={6},
  pages={188},
  year={2011},
  organization={ACM}
}

@inproceedings{benko2014dyadic,
  title={Dyadic projected spatial augmented reality},
  author={Benko, Hrvoje and Wilson, Andrew D and Zannier, Federico},
  booktitle={Proceedings of the 27th annual ACM symposium on User interface software and technology},
  pages={645--655},
  year={2014},
  organization={ACM}
}

@inproceedings{jones2014roomalive,
  title={RoomAlive: magical experiences enabled by scalable, adaptive projector-camera units},
  author={Jones, Brett and Sodhi, Rajinder and Murdock, Michael and Mehra, Ravish and Benko, Hrvoje and Wilson, Andrew and Ofek, Eyal and MacIntyre, Blair and Raghuvanshi, Nikunj and Shapira, Lior},
  booktitle={Proceedings of the 27th annual ACM symposium on User interface software and technology},
  pages={637--644},
  year={2014},
  organization={ACM}
}

@inproceedings{pejsa2016room2room,
  title={Room2room: Enabling life-size telepresence in a projected augmented reality environment},
  author={Pejsa, Tomislav and Kantor, Julian and Benko, Hrvoje and Ofek, Eyal and Wilson, Andrew},
  booktitle={Proceedings of the 19th ACM conference on computer-supported cooperative work \& social computing},
  pages={1716--1725},
  year={2016},
  organization={ACM}
}

@inproceedings{smith2018communication,
  title={Communication Behavior in Embodied Virtual Reality},
  author={Smith, Harrison Jesse and Neff, Michael},
  booktitle={Proceedings of the 2018 CHI Conference on Human Factors in Computing Systems},
  pages={289},
  year={2018},
  organization={ACM}
}

@inproceedings{maimone2013general,
  title={General-purpose telepresence with head-worn optical see-through displays and projector-based lighting},
  author={Maimone, Andrew and Yang, Xubo and Dierk, Nate and State, Andrei and Dou, Mingsong and Fuchs, Henry},
  booktitle={Virtual Reality (VR), 2013 IEEE},
  pages={23--26},
  year={2013},
  organization={IEEE}
}

@inproceedings{lindlbauer2018remixed,
  title={Remixed Reality: Manipulating Space and Time in Augmented Reality},
  author={Lindlbauer, David and Wilson, Andy D},
  booktitle={Proceedings of the 2018 CHI Conference on Human Factors in Computing Systems},
  pages={129},
  year={2018},
  organization={ACM}
}

@article{vogel1995distributed,
  title={Distributed multimedia and QoS: A survey},
  author={Vogel, Andreas and Kerherve, Brigitte and von Bochmann, Gregor and Gecsei, Jan},
  journal={IEEE multimedia},
  volume={2},
  number={2},
  pages={10--19},
  year={1995},
  publisher={IEEE}
}

@inproceedings{raghuraman2015distortion,
  title={Distortion score based pose selection for 3D tele-immersion},
  author={Raghuraman, Suraj and Prabhakaran, Balakrishnan},
  booktitle={Proceedings of the 21st ACM Symposium on Virtual Reality Software and Technology},
  pages={227--236},
  year={2015},
  organization={ACM}
}

@inproceedings{wu2010m,
  title={" I'm the Jedi!"-A Case Study of User Experience in 3D Tele-immersive Gaming},
  author={Wu, Wanmin and Arefin, Ahsan and Huang, Zixia and Agarwal, Pooja and Shi, Shu and Rivas, Raoul and Nahrstedt, Klara},
  booktitle={Multimedia (ISM), 2010 IEEE International Symposium on},
  pages={220--227},
  year={2010},
  organization={IEEE}
}

@inproceedings{huang2012towards,
  title={Towards the understanding of human perceptual quality in tele-immersive shared activity},
  author={Huang, Zixia and Arefin, Ahsan and Agarwal, Pooja and Nahrstedt, Klara and Wu, Wanmin},
  booktitle={Proceedings of the 3rd Multimedia Systems Conference},
  pages={29--34},
  year={2012},
  organization={ACM}
}

@article{percy1999understanding,
  title={Understanding latency in IP telephony},
  author={Percy, Alan},
  journal={Brooktrout Technology, Needham, MA},
  year={1999}
}

@inproceedings{xu2013exploiting,
  title={Exploiting just-noticeable difference of delays for improving quality of experience in video conferencing},
  author={Xu, Jingxi and Wah, Benjamin W},
  booktitle={Proceedings of the 4th ACM Multimedia Systems Conference},
  pages={238--248},
  year={2013},
  organization={ACM}
}

@inproceedings{wang2010evaluation,
  title={Evaluation on perceptual audiovisual delay using average talkspurts and delay},
  author={Wang, Jian and Yang, Fuzheng and Xie, Zhiqing and Wan, Shuai},
  booktitle={Image and Signal Processing (CISP), 2010 3rd International Congress on},
  volume={1},
  pages={125--128},
  year={2010},
  organization={IEEE}
}

@inproceedings{luff1998mobility,
  title={Mobility in collaboration},
  author={Luff, Paul and Heath, Christian},
  booktitle={Proceedings of the 1998 ACM conference on Computer supported cooperative work},
  pages={305--314},
  year={1998},
  organization={ACM}
}

@article{montagud2012inter,
  title={Inter-destination multimedia synchronization: schemes, use cases and standardization},
  author={Montagud, Mario and Boronat, Fernando and Stokking, Hans and van Brandenburg, Ray},
  journal={Multimedia systems},
  volume={18},
  number={6},
  pages={459--482},
  year={2012},
  publisher={Springer}
}

@article{sat2009statistical,
  title={Statistical scheduling of offline comparative subjective evaluations for real-time multimedia},
  author={Sat, Batu and Wah, Benjamin W},
  journal={IEEE Transactions on Multimedia},
  volume={11},
  number={6},
  pages={1114--1130},
  year={2009},
  publisher={IEEE}
}

@article{nielsen1993response,
  title={Response times: the three important limits},
  author={Nielsen, Jakob},
  journal={Usability Engineering},
  year={1993},
  publisher={Academic Press}
}

@article{chen2007review,
  title={Review of low frame rate effects on human performance},
  author={Chen, Jessie YC and Thropp, Jennifer E},
  journal={IEEE Transactions on Systems, Man, and Cybernetics-Part A: Systems and Humans},
  volume={37},
  number={6},
  pages={1063--1076},
  year={2007},
  publisher={IEEE}
}

@inproceedings{carot2007networked,
  title={Networked music performance: State of the art},
  author={Car{\^o}t, Alexander and Rebelo, Pedro and Renaud, Alain},
  booktitle={Audio engineering society conference: 30th international conference: intelligent audio environments},
  year={2007},
  organization={Audio Engineering Society}
}

@inproceedings{carot2007network,
  title={Network music performance-problems, approaches and perspectives},
  author={Car{\^o}t, Alexander and Werner, Christian},
  booktitle={Proceedings of the “Music in the Global Village”-Conference, Budapest, Hungary},
  volume={162},
  pages={23--10},
  year={2007}
}

@article{schuett2002effects,
  title={The effects of latency on ensemble performance},
  author={Schuett, Nathan},
  journal={Bachelor Thesis, CCRMA Department of Music, Stanford University},
  year={2002}
}

@incollection{sacks1978simplest,
  title={A simplest systematics for the organization of turn taking for conversation},
  author={Sacks, Harvey and Schegloff, Emanuel A and Jefferson, Gail},
  booktitle={Studies in the organization of conversational interaction},
  pages={7--55},
  year={1978},
  publisher={Elsevier}
}

@book{wolfel2009distant,
  title={Distant speech recognition},
  author={W{\"o}lfel, Matthias and McDonough, John},
  year={2009},
  publisher={John Wiley \& Sons}
}

@inproceedings{ishibashi2006subjective,
  title={Subjective assessment of fairness among users in multipoint communications},
  author={Ishibashi, Yutaka and Nagasaka, Manabu and Fujiyoshi, Noriyuki},
  booktitle={Proceedings of the 2006 ACM SIGCHI international conference on Advances in computer entertainment technology},
  pages={69},
  year={2006},
  organization={ACM}
}

@inproceedings{hashimoto2006influences,
  title={Influences of network latency on interactivity in networked rock-paper-scissors},
  author={Hashimoto, Yousuke and Ishibashi, Yutaka},
  booktitle={Proceedings of 5th ACM SIGCOMM workshop on Network and system support for games},
  pages={23},
  year={2006},
  organization={ACM}
}

@inproceedings{pantel2002impact,
  title={On the impact of delay on real-time multiplayer games},
  author={Pantel, Lothar and Wolf, Lars C},
  booktitle={Proceedings of the 12th international workshop on Network and operating systems support for digital audio and video},
  pages={23--29},
  year={2002},
  organization={ACM}
}

@inproceedings{schaefer2002subjective,
  title={Subjective quality assessment for multiplayer real-time games},
  author={Schaefer, Christian and Enderes, Thomas and Ritter, Hartmut and Zitterbart, Marina},
  booktitle={Proceedings of the 1st workshop on Network and system support for games},
  pages={74--78},
  year={2002},
  organization={ACM}
}

@inproceedings{holub2009delay,
    title={Delay effect on conversational quality in telecommunication networks: Do we mind?},
    author={Jan Holub, Ondrej Tomiska},
    booktitle={Wireless Technology},
    pages={91--98},
    year={2009}
}

@article{hammer2004quality,
    title={Quality Aspects of Packet-Based Interactive Speech Communication},
    author={Hammer F, Reichl P},
    journal={Dissertation Work, Technical University Graz},
    year={2004}
}

@article{hammer2004elements,
    title={Elements of Interactivity in Telephone Conversations},
    author={Hammer F, Reichl P, Raake A},
    journal={8th International Conference on Spoken Language Processing (ICSLP/INTERSPEECH 2004), Jeju Island, Korea},
    year={2004}
}

@inproceedings{kitawaki1991sub,
    title={Pure Delay Effect on Speech Quality in Telecommunications},
    author={Kitawaki N, Itoh K},
    journal={IEEE J. Sel. Areas Comm},
    pages={586--593},
    year={1991},
    publisher={IEEE}
}

@inproceedings{moeller2000new,
    title={New Models Predicting Conversational Effects of Telephone Transmission on Speech Communication Quality},
    author={Moeller S, Jekosch U, Raake A},
    pages={190-193},
    journal={Proc. Int. Conf. Spoken Language Processing (ICSLP2000), CHN-Beijing, Vol. II},
    year={2000}
}

@article{levinson2016turn,
  title={Turn-taking in human communication--origins and implications for language processing},
  author={Levinson, Stephen C},
  journal={Trends in cognitive sciences},
  volume={20},
  number={1},
  pages={6--14},
  year={2016},
  publisher={Elsevier}
}

@article{ruhleder2001co,
  title={Co-constructing non-mutual realities: Delay-generated trouble in distributed interaction},
  author={Ruhleder, Karen and Jordan, Brigitte},
  journal={Computer Supported Cooperative Work (CSCW)},
  volume={10},
  number={1},
  pages={113--138},
  year={2001},
  publisher={Springer}
}

@inproceedings{gergle2006impact,
  title={The impact of delayed visual feedback on collaborative performance},
  author={Gergle, Darren and Kraut, Robert E and Fussell, Susan R},
  booktitle={Proceedings of the SIGCHI conference on Human Factors in computing systems},
  pages={1303--1312},
  year={2006},
  organization={ACM}
}

@article{clark1981definite,
  title={Definite reference and mutual knowledge},
  author={Clark, Herbert H},
  journal={Elements of discourse understanding},
  year={1981},
  publisher={Cambridge University Press}
}

@article{clark1990referring,
  title={Referring as a collaborative process},
  author={Clark, Herbert H and Wilkes-Gibbs, Deanna},
  journal={Intentions in communication},
  pages={463--493},
  year={1990}
}

@article{brennan2005conversation,
  title={How conversation is shaped by visual and spoken evidence},
  author={Brennan, Susan E},
  journal={Approaches to studying world-situated language use: Bridging the language-as-product and language-as-action traditions},
  pages={95--129},
  year={2005}
}

@article{kraut2003visual,
  title={Visual information as a conversational resource in collaborative physical tasks},
  author={Kraut, Robert E and Fussell, Susan R and Siegel, Jane},
  journal={Human--Computer Interaction},
  volume={18},
  number={1-2},
  pages={13--49},
  year={2003},
  publisher={Taylor \& Francis}
}

@article{whittaker2003things,
  title={Things to talk about when talking about things},
  author={Whittaker, Steve},
  journal={Human--Computer Interaction},
  volume={18},
  number={1-2},
  pages={149--170},
  year={2003},
  publisher={Taylor \& Francis}
}

@incollection{endsley2017toward,
  title={Toward a theory of situation awareness in dynamic systems},
  author={Endsley, Mica R},
  booktitle={Situational Awareness},
  pages={9--42},
  year={2017},
  publisher={Routledge}
}

@book{endsley2000situation,
  title={Situation awareness analysis and measurement},
  author={Endsley, Mica R and Garland, Daniel J},
  year={2000},
  publisher={CRC Press}
}

@inproceedings{kraut2002use,
  title={The use of visual information in shared visual spaces: Informing the development of virtual co-presence},
  author={Kraut, Robert E and Gergle, Darren and Fussell, Susan R},
  booktitle={Proceedings of the 2002 ACM conference on Computer supported cooperative work},
  pages={31--40},
  year={2002},
  organization={ACM}
}

@article{indefrey2004spatial,
  title={The spatial and temporal signatures of word production components},
  author={Indefrey, Peter and Levelt, Willem JM},
  journal={Cognition},
  volume={92},
  number={1-2},
  pages={101--144},
  year={2004},
  publisher={Elsevier}
}

@article{bates2003timed,
  title={Timed picture naming in seven languages},
  author={Bates, Elizabeth and D’Amico, Simona and Jacobsen, Thomas and Sz{\'e}kely, Anna and Andonova, Elena and Devescovi, Antonella and Herron, Dan and Lu, Ching Ching and Pechmann, Thomas and Pl{\'e}h, Csaba and others},
  journal={Psychonomic bulletin \& review},
  volume={10},
  number={2},
  pages={344--380},
  year={2003},
  publisher={Springer}
}

@article{griffin2000eyes,
  title={What the eyes say about speaking},
  author={Griffin, Zenzi M and Bock, Kathryn},
  journal={Psychological science},
  volume={11},
  number={4},
  pages={274--279},
  year={2000},
  publisher={SAGE Publications Sage CA: Los Angeles, CA}
}

@article{levinson2015timing,
  title={Timing in turn-taking and its implications for processing models of language},
  author={Levinson, Stephen C and Torreira, Francisco},
  journal={Frontiers in psychology},
  volume={6},
  pages={731},
  year={2015},
  publisher={Frontiers}
}

@article{o1997characterizing,
  title={Characterizing, predicting and measuring video-mediated communication: a conversational approach},
  author={O'CONAILL, Brid},
  journal={Video mediated communication},
  year={1997},
  publisher={LEA}
}

@article{tang1992users,
  title={Why do users like video?},
  author={Tang, John C and Isaacs, Ellen},
  journal={Computer Supported Cooperative Work (CSCW)},
  volume={1},
  number={3},
  pages={163--196},
  year={1992},
  publisher={Springer}
}

@article{rec2006p,
  title={P. 800.1, Mean opinion score (MOS) terminology},
  author={Rec, ITUT},
  journal={International Telecommunication Union, Geneva},
  year={2006}
}

@article{itu1998subjective,
  title={Subjective audiovisual quality assessment methods for multimedia applications},
  author={ITU-T RECOMMENDATION, P},
  year={1998}
}

@article{enderes2002impact,
  title={Impact of statistical multiplexing on voice quality in cellular networks},
  author={Enderes, Thomas and Khoo, Swee Chern and Somerville, Clare A and Samaras, Kostas},
  journal={Mobile networks and applications},
  volume={7},
  number={2},
  pages={153--161},
  year={2002},
  publisher={Springer-Verlag New York, Inc.}
}

@article{isaacs1994video,
  title={What video can and cannot do for collaboration: a case study},
  author={Isaacs, Ellen A and Tang, John C},
  journal={Multimedia systems},
  volume={2},
  number={2},
  pages={63--73},
  year={1994},
  publisher={Springer}
}

@article{mills1991internet,
  title={Internet time synchronization: the network time protocol},
  author={Mills, David L},
  journal={IEEE Transactions on communications},
  volume={39},
  number={10},
  pages={1482--1493},
  year={1991},
  publisher={IEEE}
}

@article{bt2002methodology,
  title={Methodology for the subjective assessment of the quality of television pictures},
  author={BT, RECOMMENDATION ITU-R},
  year={2002}
}

@article{collet2015high,
  title={High-quality streamable free-viewpoint video},
  author={Collet, Alvaro and Chuang, Ming and Sweeney, Pat and Gillett, Don and Evseev, Dennis and Calabrese, David and Hoppe, Hugues and Kirk, Adam and Sullivan, Steve},
  journal={ACM Transactions on Graphics (TOG)},
  volume={34},
  number={4},
  pages={69},
  year={2015},
  publisher={ACM}
}

@article{de2016compression,
  title={Compression of 3d point clouds using a region-adaptive hierarchical transform},
  author={de Queiroz, Ricardo L and Chou, Philip A},
  journal={IEEE Transactions on Image Processing},
  volume={25},
  number={8},
  pages={3947--3956},
  year={2016},
  publisher={IEEE}
}

@article{krauss1967effects,
  title={Effects of transmission delay and access delay on the efficiency of verbal communication},
  author={Krauss, Robert M and Bricker, Peter D},
  journal={The Journal of the Acoustical Society of America},
  volume={41},
  number={2},
  pages={286--292},
  year={1967},
  publisher={ASA}
}

@misc{allen1996teleconferencing,
  title={Teleconferencing method and system for providing face-to-face, non-animated teleconference environment},
  author={Allen, David L and Williams, Herold},
  year={1996},
  month=nov # "~5",
  publisher={Google Patents},
  note={US Patent 5,572,248}
}

@article{wu2000transporting,
  title={Transporting real-time video over the Internet: Challenges and approaches},
  author={Wu, Dapeng and Hou, Yiwei Thoms and Zhang, Ya-Qin},
  journal={Proceedings of the IEEE},
  volume={88},
  number={12},
  pages={1855--1877},
  year={2000},
  publisher={IEEE}
}

@article{kleinrock1992latency,
  title={The latency/bandwidth tradeoff in gigabit networks},
  author={Kleinrock, Leonard},
  journal={IEEE Communications Magazine},
  volume={30},
  number={4},
  pages={36--40},
  year={1992}
}

@article{navarra2005exposure,
  title={Exposure to asynchronous audiovisual speech extends the temporal window for audiovisual integration},
  author={Navarra, Jordi and Vatakis, Argiro and Zampini, Massimiliano and Soto-Faraco, Salvador and Humphreys, William and Spence, Charles},
  journal={Cognitive Brain Research},
  volume={25},
  number={2},
  pages={499--507},
  year={2005},
  publisher={Elsevier}
}

@article{kooi2004visual,
  title={Visual comfort of binocular and 3D displays},
  author={Kooi, Frank L and Toet, Alexander},
  journal={Displays},
  volume={25},
  number={2-3},
  pages={99--108},
  year={2004},
  publisher={Elsevier}
}

@article{chaplin2000handshaking,
  title={Handshaking, gender, personality, and first impressions.},
  author={Chaplin, William F and Phillips, Jeffrey B and Brown, Jonathan D and Clanton, Nancy R and Stein, Jennifer L},
  journal={Journal of personality and social psychology},
  volume={79},
  number={1},
  pages={110},
  year={2000},
  publisher={American Psychological Association}
}

@phdthesis{bardeen1970interpersonal,
  title={Interpersonal perception through the tactile, verbal and visual modes},
  author={Bardeen, John Paul},
  year={1970},
  school={San Francisco State College}
}

@inproceedings{vertegaal2003gaze,
  title={GAZE-2: conveying eye contact in group video conferencing using eye-controlled camera direction},
  author={Vertegaal, Roel and Weevers, Ivo and Sohn, Changuk and Cheung, Chris},
  booktitle={Proceedings of the SIGCHI conference on Human factors in computing systems},
  pages={521--528},
  year={2003},
  organization={ACM}
}

@article{hansen2010eye,
  title={In the eye of the beholder: A survey of models for eyes and gaze},
  author={Hansen, Dan Witzner and Ji, Qiang},
  journal={IEEE transactions on pattern analysis and machine intelligence},
  volume={32},
  number={3},
  pages={478--500},
  year={2010},
  publisher={IEEE}
}

@techreport{daft1983information,
  title={Information richness. A new approach to managerial behavior and organization design},
  author={Daft, Richard L and Lengel, Robert H},
  year={1983},
  institution={Texas A and M Univ College Station Coll of Business Administration}
}

@article{daft1986organizational,
  title={Organizational information requirements, media richness and structural design},
  author={Daft, Richard L and Lengel, Robert H},
  journal={Management science},
  volume={32},
  number={5},
  pages={554--571},
  year={1986},
  publisher={INFORMS}
}

@article{apostolopoulos2012road,
  title={The road to immersive communication},
  author={Apostolopoulos, John G and Chou, Philip A and Culbertson, Bruce and Kalker, Ton and Trott, Mitchell D and Wee, Susie},
  journal={Proceedings of the IEEE},
  volume={100},
  number={4},
  pages={974--990},
  year={2012},
  publisher={IEEE}
}

@inproceedings{kurillo2008framework,
  title={A framework for collaborative real-time 3D teleimmersion in a geographically distributed environment},
  author={Kurillo, Gregorij and Vasudevan, Ramanarayan and Lobaton, Edgar and Bajcsy, Ruzena},
  booktitle={Multimedia, 2008. ISM 2008. Tenth IEEE International Symposium on},
  pages={111--118},
  year={2008},
  organization={IEEE}
}

@article{friedman2007world,
  title={The world is flat 3.0},
  author={Friedman, Thomas L},
  journal={A World History of the Twenty First Century. Picador USA},
  year={2007}
}

@article{kurita1994effects,
  title={Effects of transmission delay in audiovisual communication},
  author={Kurita, Takaaki and Lai, Satoru and Kitawaki, Nobuhiko},
  journal={Electronics and Communications in Japan (Part I: Communications)},
  volume={77},
  number={3},
  pages={63--74},
  year={1994},
  publisher={Wiley Online Library}
}

@inproceedings{sander2001texture,
  title={Texture mapping progressive meshes},
  author={Sander, Pedro V and Snyder, John and Gortler, Steven J and Hoppe, Hugues},
  booktitle={Proceedings of the 28th annual conference on Computer graphics and interactive techniques},
  pages={409--416},
  year={2001},
  organization={ACM}
}

@inproceedings{polycom2006traffic,
  title={Supporting real-time traffic: Preparing your IP network for video conferencing},
  author={Polycom},
  booktitle={Tech. rep.},
  organization={Polycom}
}
